<record><leader>00000cas a22000007a 4500</leader><controlfield tag="001">12818609</controlfield><controlfield tag="008">851119d18971907wvuwr ne      0    0eng d</controlfield><datafield ind1=" " ind2=" " tag="010"><subfield code="a">sn 85059693 </subfield></datafield><datafield ind1=" " ind2=" " tag="040"><subfield code="a">WVC</subfield><subfield code="b">eng</subfield><subfield code="c">WVC</subfield><subfield code="d">OCL</subfield><subfield code="d">OCLCQ</subfield></datafield><datafield ind1=" " ind2=" " tag="042"><subfield code="a">msc</subfield></datafield><datafield ind1="0" ind2=" " tag="130"><subfield code="a">Weekly examiner (Moorefield, W. Va. : 1897)</subfield></datafield><datafield ind1="1" ind2="4" tag="245"><subfield code="a">The Weekly examiner.</subfield></datafield><datafield ind1=" " ind2=" " tag="260"><subfield code="a">Moorefield, W. Va. :</subfield><subfield code="b">S.A. McCoy</subfield></datafield><datafield ind1=" " ind2=" " tag="300"><subfield code="a">v.</subfield></datafield><datafield ind1=" " ind2=" " tag="310"><subfield code="a">Weekly</subfield></datafield><datafield ind1="1" ind2=" " tag="362"><subfield code="a">Began in 1897?</subfield><subfield code="z">Cf. W. Va. Legislative Handbook.</subfield></datafield><datafield ind1="1" ind2=" " tag="362"><subfield code="a">Ceased in 1907?</subfield></datafield><datafield ind1=" " ind2=" " tag="500"><subfield code="a">Editor: S.A. McCoy.</subfield></datafield><datafield ind1=" " ind2=" " tag="588"><subfield code="a">Description based on: Vol. 6, no. 3 (Nov. 27, 1902).</subfield></datafield><datafield ind1=" " ind2=" " tag="752"><subfield code="a">United States</subfield><subfield code="b">West Virginia</subfield><subfield code="c">Hardy</subfield><subfield code="d">Moorefield.</subfield></datafield><datafield ind1="0" ind2="0" tag="780"><subfield code="t">Moorefield examiner (Moorefield, W. Va. : 1880)</subfield><subfield code="w">(DLC)sn 85059692</subfield></datafield><datafield ind1="0" ind2="0" tag="785"><subfield code="t">Moorefield examiner (Moorefield, W. Va. : 1907)</subfield><subfield code="w">(DLC)sn 85059694</subfield></datafield></record>